<collection xmlns="http://www.loc.gov/MARC21/slim">
<record>
  <leader>04754nam0a2200721 i 450 </leader>
  <controlfield tag="001">IT\ICCU\CNCE\013732</controlfield>
  <controlfield tag="005">20180713000000.0</controlfield>
  <datafield tag="012" ind1=" " ind2=" ">
    <subfield code="a">n-a- .4.2 b.er prst (3) 1589 (A)</subfield>
    <subfield code="2">fei</subfield>
    <subfield code="9">1</subfield>
  </datafield>
  <datafield tag="012" ind1=" " ind2=" ">
    <subfield code="a">taum sei- n-ne iuSa (3) 1589 (A)</subfield>
    <subfield code="2">fei</subfield>
    <subfield code="9">2</subfield>
  </datafield>
  <datafield tag="100" ind1=" " ind2=" ">
    <subfield code="a">19970101d1589        0itac0103    ba</subfield>
  </datafield>
  <datafield tag="101" ind1=" " ind2=" ">
    <subfield code="a">LAT</subfield>
  </datafield>
  <datafield tag="102" ind1=" " ind2=" ">
    <subfield code="a">IT</subfield>
  </datafield>
  <datafield tag="200" ind1="1" ind2=" ">
    <subfield code="a">Decisiones r.p.d. Marcelli Crescentii Rotae auditoris postea s.r.e. cardinalis. Super causis per rr.dd. auditores in eodem sacro palatio relatis ex communibus, &amp; concordibus eorundem votis, &amp; suffragijs. Sub Titulis secundum ordinem decretalium redactae ... Quibus accessit tractatus de tribunalibus vrbis, &amp; eorum praeuentionibus. Doctoris Martae Neapolitani in Romana Curia aduocati</subfield>
  </datafield>
  <datafield tag="210" ind1=" " ind2=" ">
    <subfield code="a">Romae</subfield>
    <subfield code="c">apud Marcum Antonium Murettum</subfield>
    <subfield code="d">1589</subfield>
    <subfield code="e">Romae</subfield>
    <subfield code="g">apud Iacobum Ruffinellum</subfield>
    <subfield code="h">1589</subfield>
  </datafield>
  <datafield tag="215" ind1=" " ind2=" ">
    <subfield code="a">2 v.</subfield>
    <subfield code="d">4ʻ</subfield>
  </datafield>
  <datafield tag="300" ind1=" " ind2=" ">
    <subfield code="a">2: Tractatus de tribunalibus Vrbis, &amp; eorum praeuentionibus doctoris Martae Neapolitani</subfield>
  </datafield>
  <datafield tag="423" ind1=" " ind2="0">
    <subfield code="1">001IT\ICCU\CNCE\064684</subfield>
    <subfield code="1">2001 </subfield>
    <subfield code="a">Tractatus de tribunalibus Vrbis, &amp; eorum praeuentionibus doctoris Martae Neapolitani</subfield>
  </datafield>
  <datafield tag="620" ind1=" " ind2=" ">
    <subfield code="a">IT</subfield>
    <subfield code="d">Roma</subfield>
  </datafield>
  <datafield tag="700" ind1=" " ind2="1">
    <subfield code="a">Crescenzi,</subfield>
    <subfield code="b">Marcello</subfield>
    <subfield code="3">IT\ICCU\CNCA\003568</subfield>
  </datafield>
  <datafield tag="702" ind1=" " ind2="1">
    <subfield code="a">Marta,</subfield>
    <subfield code="b">Giacomo Antonio</subfield>
    <subfield code="3">IT\ICCU\CNCA\003138</subfield>
  </datafield>
  <datafield tag="712" ind1="0" ind2="0">
    <subfield code="a">Moretti, Marcantonio</subfield>
    <subfield code="3">IT\ICCU\CNCT\000862</subfield>
    <subfield code="4">650</subfield>
  </datafield>
  <datafield tag="712" ind1="0" ind2="0">
    <subfield code="a">Ruffinelli, Giacomo</subfield>
    <subfield code="3">IT\ICCU\CNCT\000138</subfield>
    <subfield code="4">650</subfield>
  </datafield>
  <datafield tag="790" ind1=" " ind2="1">
    <subfield code="a">Crescentius,</subfield>
    <subfield code="b">Marcellus</subfield>
    <subfield code="3">IT\ICCU\CNCA\013820</subfield>
    <subfield code="z">Crescenzi, Marcello</subfield>
  </datafield>
  <datafield tag="790" ind1=" " ind2="0">
    <subfield code="a">Marta</subfield>
    <subfield code="c"> : Neapolitanus</subfield>
    <subfield code="3">IT\ICCU\CNCA\014595</subfield>
    <subfield code="z">Marta, Giacomo Antonio</subfield>
  </datafield>
  <datafield tag="790" ind1=" " ind2="1">
    <subfield code="a">Marta,</subfield>
    <subfield code="b">Iacobus Antonius</subfield>
    <subfield code="3">IT\ICCU\CNCA\021077</subfield>
    <subfield code="z">Marta, Giacomo Antonio</subfield>
  </datafield>
  <datafield tag="791" ind1="0" ind2="0">
    <subfield code="a">Murettus, Marcus Antonius</subfield>
    <subfield code="3">IT\ICCU\CNCT\002381</subfield>
    <subfield code="z">Moretti, Marcantonio</subfield>
  </datafield>
  <datafield tag="791" ind1="0" ind2="0">
    <subfield code="a">Morettus, Marcus Antonius</subfield>
    <subfield code="3">IT\ICCU\CNCT\005218</subfield>
    <subfield code="z">Moretti, Marcantonio</subfield>
  </datafield>
  <datafield tag="791" ind1="0" ind2="0">
    <subfield code="a">Moretto, Marco Antonio</subfield>
    <subfield code="3">IT\ICCU\CNCT\005219</subfield>
    <subfield code="z">Moretti, Marcantonio</subfield>
  </datafield>
  <datafield tag="791" ind1="0" ind2="0">
    <subfield code="a">Muretti, Marcantonio</subfield>
    <subfield code="3">IT\ICCU\CNCT\005220</subfield>
    <subfield code="z">Moretti, Marcantonio</subfield>
  </datafield>
  <datafield tag="791" ind1="0" ind2="0">
    <subfield code="a">Roffinello, Giacomo</subfield>
    <subfield code="3">IT\ICCU\CNCT\002579</subfield>
    <subfield code="z">Ruffinelli, Giacomo</subfield>
  </datafield>
  <datafield tag="791" ind1="0" ind2="0">
    <subfield code="a">Ruffinello, Giacomo</subfield>
    <subfield code="3">IT\ICCU\CNCT\005430</subfield>
    <subfield code="z">Ruffinelli, Giacomo</subfield>
  </datafield>
  <datafield tag="791" ind1="0" ind2="0">
    <subfield code="a">Ruffinellus, Iacobus</subfield>
    <subfield code="3">IT\ICCU\CNCT\005433</subfield>
    <subfield code="z">Ruffinelli, Giacomo</subfield>
  </datafield>
  <datafield tag="801" ind1=" " ind2="3">
    <subfield code="a">IT</subfield>
    <subfield code="b">ICCU</subfield>
    <subfield code="c">20201114</subfield>
  </datafield>
  <datafield tag="899" ind1=" " ind2=" ">
    <subfield code="a">Biblioteca diocesana. Ancona</subfield>
    <subfield code="1">AN0009</subfield>
    <subfield code="2">PBE 56</subfield>
  </datafield>
  <datafield tag="899" ind1=" " ind2=" ">
    <subfield code="a">Biblioteca Pio XI del Seminario arcivescovile. Benevento</subfield>
    <subfield code="1">BN0064</subfield>
    <subfield code="2">NAP BP</subfield>
  </datafield>
  <datafield tag="899" ind1=" " ind2=" ">
    <subfield code="a">Biblioteca del Consiglio dell&apos;Ordine degli avvocati. Bologna</subfield>
    <subfield code="z">MUTILO</subfield>
    <subfield code="1">BO0559</subfield>
    <subfield code="2">ZBO 27</subfield>
  </datafield>
  <datafield tag="899" ind1=" " ind2=" ">
    <subfield code="a">Biblioteca universitaria. Cagliari</subfield>
    <subfield code="z">MUTILO</subfield>
    <subfield code="1">CA0194</subfield>
    <subfield code="2">CAG UC</subfield>
  </datafield>
  <datafield tag="899" ind1=" " ind2=" ">
    <subfield code="a">Biblioteca comunale. Como</subfield>
    <subfield code="1">CO0059</subfield>
    <subfield code="2">ZCO 01</subfield>
  </datafield>
  <datafield tag="899" ind1=" " ind2=" ">
    <subfield code="a">Biblioteca Apostolica Vaticana. Citt ̉del Vaticano</subfield>
    <subfield code="1">EX0001</subfield>
    <subfield code="2">ZCV 01</subfield>
  </datafield>
  <datafield tag="899" ind1=" " ind2=" ">
    <subfield code="a">Biblioteca della Rubiconia Accademia dei Filopatridi. Savignano sul Rubicone</subfield>
    <subfield code="1">FC0067</subfield>
    <subfield code="2">RAV AF</subfield>
  </datafield>
  <datafield tag="899" ind1=" " ind2=" ">
    <subfield code="a">Biblioteca comunale Mozzi-Borgetti. Macerata</subfield>
    <subfield code="z">MUTILO</subfield>
    <subfield code="1">MC0049</subfield>
    <subfield code="2">UMC CM</subfield>
  </datafield>
  <datafield tag="899" ind1=" " ind2=" ">
    <subfield code="a">Biblioteca nazionale Braidense. Milano</subfield>
    <subfield code="1">MI0185</subfield>
    <subfield code="2">MIL NB</subfield>
  </datafield>
  <datafield tag="899" ind1=" " ind2=" ">
    <subfield code="a">Biblioteca Universit ̉Commerciale Luigi Bocconi. Milano</subfield>
    <subfield code="1">MI0274</subfield>
    <subfield code="2">ZMI 68</subfield>
  </datafield>
  <datafield tag="899" ind1=" " ind2=" ">
    <subfield code="a">Biblioteca del Dipartimento di diritto privato e storia del diritto dell&apos;Universit ̉degli studi di Milano. Milano</subfield>
    <subfield code="1">MI1334</subfield>
    <subfield code="2">USM L1</subfield>
  </datafield>
  <datafield tag="899" ind1=" " ind2=" ">
    <subfield code="a">Biblioteca Estense Universitaria. Modena</subfield>
    <subfield code="1">MO0089</subfield>
    <subfield code="2">MOD BE</subfield>
  </datafield>
  <datafield tag="899" ind1=" " ind2=" ">
    <subfield code="a">Biblioteca universitaria giuridica. Modena</subfield>
    <subfield code="1">MO0169</subfield>
    <subfield code="2">MOD UG</subfield>
  </datafield>
  <datafield tag="899" ind1=" " ind2=" ">
    <subfield code="a">Biblioteca nazionale Vittorio Emanuele III. Napoli</subfield>
    <subfield code="z">MUTILO</subfield>
    <subfield code="1">NA0079</subfield>
    <subfield code="2">NAP BN</subfield>
  </datafield>
  <datafield tag="899" ind1=" " ind2=" ">
    <subfield code="a">Biblioteca comunale Carlo Negroni. Novara</subfield>
    <subfield code="1">NO0054</subfield>
    <subfield code="2">TO0 08</subfield>
  </datafield>
  <datafield tag="899" ind1=" " ind2=" ">
    <subfield code="a">Biblioteca comunale Sperelliana. Gubbio</subfield>
    <subfield code="z">MUTILO</subfield>
    <subfield code="1">PG0049</subfield>
    <subfield code="2">UM1 11</subfield>
  </datafield>
  <datafield tag="899" ind1=" " ind2=" ">
    <subfield code="a">Biblioteca centrale dell&apos;Universit ̉degli studi di Perugia. Perugia</subfield>
    <subfield code="1">PG0251</subfield>
    <subfield code="2">ZPG 08</subfield>
  </datafield>
  <datafield tag="899" ind1=" " ind2=" ">
    <subfield code="a">Biblioteca comunale Federiciana. Fano</subfield>
    <subfield code="1">PU0018</subfield>
    <subfield code="2">URB FN</subfield>
  </datafield>
  <datafield tag="899" ind1=" " ind2=" ">
    <subfield code="a">Biblioteca Oliveriana. Pesaro</subfield>
    <subfield code="1">PU0061</subfield>
    <subfield code="2">URB OL</subfield>
  </datafield>
  <datafield tag="899" ind1=" " ind2=" ">
    <subfield code="a">Biblioteca del Seminario vescovile. Pavia</subfield>
    <subfield code="1">PV0074</subfield>
    <subfield code="2">PAV R1</subfield>
  </datafield>
  <datafield tag="899" ind1=" " ind2=" ">
    <subfield code="a">Biblioteca comunale Manfrediana. Faenza</subfield>
    <subfield code="z">MUTILO</subfield>
    <subfield code="1">RA0016</subfield>
    <subfield code="2">RAV FA</subfield>
  </datafield>
  <datafield tag="899" ind1=" " ind2=" ">
    <subfield code="a">Biblioteca comunale Classense. Ravenna</subfield>
    <subfield code="1">RA0036</subfield>
    <subfield code="2">RAV CL</subfield>
  </datafield>
  <datafield tag="899" ind1=" " ind2=" ">
    <subfield code="a">Biblioteca  Panizzi. Reggio Emilia</subfield>
    <subfield code="1">RE0052</subfield>
    <subfield code="2">RE2 PA</subfield>
  </datafield>
  <datafield tag="899" ind1=" " ind2=" ">
    <subfield code="a">Biblioteca comunale Paroniana. Rieti</subfield>
    <subfield code="1">RI0126</subfield>
    <subfield code="2">RMS B5</subfield>
  </datafield>
  <datafield tag="899" ind1=" " ind2=" ">
    <subfield code="a">Biblioteca nazionale centrale. Roma</subfield>
    <subfield code="1">RM0267</subfield>
    <subfield code="2">BVE CR</subfield>
  </datafield>
  <datafield tag="899" ind1=" " ind2=" ">
    <subfield code="a">Biblioteca universitaria Alessandrina. Roma</subfield>
    <subfield code="1">RM0280</subfield>
    <subfield code="2">RML 01</subfield>
  </datafield>
  <datafield tag="899" ind1=" " ind2=" ">
    <subfield code="a">Biblioteca comunale Antonio Baldini. Santarcangelo di Romagna</subfield>
    <subfield code="1">RN0028</subfield>
    <subfield code="2">RAV ST</subfield>
  </datafield>
  <datafield tag="899" ind1=" " ind2=" ">
    <subfield code="a">Biblioteca comunale degli Intronati. Siena</subfield>
    <subfield code="1">SI0046</subfield>
    <subfield code="2">RT1 QI</subfield>
  </datafield>
  <datafield tag="899" ind1=" " ind2=" ">
    <subfield code="a">Biblioteca civica Pio Rajna. Sondrio</subfield>
    <subfield code="1">SO0040</subfield>
    <subfield code="2">ZSO 01</subfield>
  </datafield>
  <datafield tag="921" ind1=" " ind2=" ">
    <subfield code="a">IT\ICCU\CNCM\000469</subfield>
    <subfield code="b">Annunciazione: angelo in piedi e Vergine inginocchiata. In alto colomba, in basso iniziali: MM e IB. In cornice figurata</subfield>
    <subfield code="c">A28</subfield>
    <subfield code="c">V227</subfield>
    <subfield code="c">Z101</subfield>
    <subfield code="d">Dimensioni: 5 x 5,4</subfield>
    <subfield code="f">ANNUNCIAZI</subfield>
    <subfield code="f">ANGELO</subfield>
    <subfield code="f">COLOMBA</subfield>
    <subfield code="f">MM</subfield>
    <subfield code="f">IB</subfield>
    <subfield code="g">1586-1595</subfield>
  </datafield>
</record>
</collection>
